@article{pc-framework,
  author    = {Choi, YooJung and Vergari, Antonio and Van den Broeck, Guy},
  title     = {Probabilistic Circuits: A Unifying Framework for Tractable Probabilistic Models},
  month     = {10},
  year      = {2020},
  url       = {http://starai.cs.ucla.edu/papers/ProbCirc20.pdf},
  keywords  = {techreport},
  urldate = {2022-01-19}
}
